<?xml version="1.0" encoding="UTF-8"?><collection xmlns="http://www.loc.gov/MARC21/slim"><record><leader>00365nam--2200121-i-4500</leader><controlfield tag="001">000039463</controlfield><controlfield tag="002">20161230</controlfield><controlfield tag="005">20161230201042</controlfield><controlfield tag="008">060222s1000------------r-----000-0-eng-d</controlfield><datafield ind1=" " ind2=" " tag="100"><subfield code="a">Rooksby, H.P</subfield></datafield><datafield ind1=" " ind2=" " tag="245"><subfield code="a">An investigation of ancient opal glasses including the portland vase</subfield></datafield><datafield ind1=" " ind2=" " tag="260"><subfield code="a">Reprinted From The: `J.Of The Soc.Of Glass Technology, 1959, 27p</subfield></datafield><datafield ind1=" " ind2=" " tag="852"><subfield code="a">6739</subfield></datafield></record></collection>